@inproceedings{canetti2001universally,
  title={Universally composable security: A new paradigm for cryptographic protocols},
  author={Canetti, Ran},
  booktitle={Foundations of Computer Science, 2001. Proceedings. 42nd IEEE Symposium on},
  pages={136--145},
  year={2001},
  organization={IEEE}
}

@inproceedings{goldreich1987play,
  title={How to play any mental game},
  author={Goldreich, Oded and Micali, Silvio and Wigderson, Avi},
  booktitle={Proceedings of the nineteenth annual ACM symposium on Theory of computing},
  pages={218--229},
  year={1987},
  organization={ACM}
}

@inproceedings{barthe2011computer,
  title={Computer-aided security proofs for the working cryptographer},
  author={Barthe, Gilles and Gr{\'e}goire, Benjamin and Heraud, Sylvain and B{\'e}guelin, Santiago Zanella},
  booktitle={Annual Cryptology Conference},
  pages={71--90},
  year={2011},
  organization={Springer}
}

@article{geisler2010cryptographic,
  title={Cryptographic protocols: theory and implementation},
  author={Geisler, Martin},
  journal={Doktorsavhandling, Aarhus Universitet},
  year={2010}
}