@inproceedings{canetti2001universally,
  title={Universally composable commitments},
  author={Canetti, Ran and Fischlin, Marc},
  booktitle={Advances in Cryptologyâ€”Crypto 2001},
  pages={19--40},
  year={2001},
  organization={Springer}
}
@inproceedings{wikstrom2004universally,
  title={A universally composable mix-net},
  author={Wikstr{\"o}m, Douglas},
  booktitle={Theory of Cryptography Conference},
  pages={317--335},
  year={2004},
  organization={Springer}
}
