@inproceedings{canetti2001universally,
  title={Universally composable security: A new paradigm for cryptographic protocols},
  author={Canetti, Ran},
  booktitle={Foundations of Computer Science, 2001. Proceedings. 42nd IEEE Symposium on},
  pages={136--145},
  year={2001},
  organization={IEEE}
}

@inproceedings{canetti2001commitments,
  title={Universally composable commitments},
  author={Canetti, Ran and Fischlin, Marc},
  booktitle={Annual International Cryptology Conference},
  pages={19--40},
  year={2001},
  organization={Springer}
}

@inproceedings{barthe2011computer,
  title={Computer-aided security proofs for the working cryptographer},
  author={Barthe, Gilles and Gr{\'e}goire, Benjamin and Heraud, Sylvain and B{\'e}guelin, Santiago Zanella},
  booktitle={Annual Cryptology Conference},
  pages={71--90},
  year={2011},
  organization={Springer}
}

@article{barthe2009formal,
  title={Formal certification of code-based cryptographic proofs},
  author={Barthe, Gilles and Gr{\'e}goire, Benjamin and Zanella B{\'e}guelin, Santiago},
  journal={ACM SIGPLAN Notices},
  volume={44},
  number={1},
  pages={90--101},
  year={2009},
  publisher={ACM}
}

@inproceedings{blanchet2007cryptoverif,
  title={CryptoVerif: Computationally sound mechanized prover for cryptographic protocols},
  author={Blanchet, Bruno},
  booktitle={Dagstuhl seminar â€œFormal Protocol Verification Applied},
  pages={117},
  year={2007}
}

@article{blanchet2005proverif,
  title={ProVerif automatic cryptographic protocol verifier user manual},
  author={Blanchet, Bruno},
  journal={CNRS, Departement dInformatique, Ecole Normale Superieure, Paris},
  year={2005}
}

@inproceedings{barthe2014probabilistic,
  title={Probabilistic relational verification for cryptographic implementations},
  author={Barthe, Gilles and Fournet, C{\'e}dric and Gr{\'e}goire, Benjamin and Strub, Pierre-Yves and Swamy, Nikhil and Zanella-B{\'e}guelin, Santiago},
  booktitle={ACM SIGPLAN Notices},
  volume={49},
  number={1},
  pages={193--205},
  year={2014},
  organization={ACM}
}

@inproceedings{lewis2003cryptol,
  title={Cryptol: High assurance, retargetable crypto development and validation},
  author={Lewis, Jeffrey R and Martin, Brad},
  booktitle={Military Communications Conference, 2003. MILCOM'03. 2003 IEEE},
  volume={2},
  pages={820--825},
  year={2003},
  organization={IEEE}
}

@inproceedings{bellare2006security,
  title={The security of triple encryption and a framework for code-based game-playing proofs},
  author={Bellare, Mihir and Rogaway, Phillip},
  booktitle={Annual International Conference on the Theory and Applications of Cryptographic Techniques},
  pages={409--426},
  year={2006},
  organization={Springer}
}

@inproceedings{comon2008computational,
  title={Computational soundness of observational equivalence},
  author={Comon-Lundh, Hubert and Cortier, V{\'e}ronique},
  booktitle={Proceedings of the 15th ACM conference on Computer and communications security},
  pages={109--118},
  year={2008},
  organization={ACM}
}

@article{bohl2016symbolic,
  title={Symbolic universal composability},
  author={B{\"o}hl, Florian and Unruh, Dominique},
  journal={Journal of Computer Security},
  volume={24},
  number={1},
  pages={1--38},
  year={2016},
  publisher={IOS Press}
}

@article{goldwasser1989knowledge,
  title={The knowledge complexity of interactive proof systems},
  author={Goldwasser, Shafi and Micali, Silvio and Rackoff, Charles},
  journal={SIAM Journal on computing},
  volume={18},
  number={1},
  pages={186--208},
  year={1989},
  publisher={SIAM}
}