@inproceedings{canetti2001universally,
  title={Universally composable security: A new paradigm for cryptographic protocols},
  author={Canetti, Ran},
  booktitle={Foundations of Computer Science, 2001. Proceedings. 42nd IEEE Symposium on},
  pages={136--145},
  year={2001},
  organization={IEEE}
}
